%% This BibTeX bibliography file was created using BibDesk.
%% http://bibdesk.sourceforge.net/


%% Created for Ludovic Lardies at 2015-07-31 07:45:26 +0200 


%% Saved with string encoding Unicode (UTF-8) 



@url{formes-normal,
	Author = {Fran{\c c}ois de Sainte Marie},
	Date-Added = {2015-07-28 16:47:10 +0000},
	Date-Modified = {2015-07-31 05:44:09 +0000},
	Title = {Bases de donn{\'e}es relationnelles et normalisation : de la premi{\`e}re {\`a} la sixi{\`e}me forme normale},
	Url = {http://fsmrel.developpez.com/},
	Urldate = {14/07/2012}}

@manual{learn-ror,
	Author = {Daniel Kehoe},
	Date-Added = {2015-07-12 14:38:28 +0000},
	Date-Modified = {2015-07-12 14:39:30 +0000},
	Publisher = {2014},
	Title = {Learn Ruby on Rails}}

@book{nosql,
	Author = {Rudi Bruchez},
	Date-Added = {2015-07-12 12:36:46 +0000},
	Date-Modified = {2015-07-12 12:51:19 +0000},
	Editor = {Eyrolles},
	Publisher = {Eyrolles},
	Rating = {0},
	Read = {0},
	Title = {Les bases de donn{\'e}es NoSQL : Comprendre et mettre en oeuvre},
	Year = {2013}}
