%% This BibTeX bibliography file was created using BibDesk.
%% http://bibdesk.sourceforge.net/


%% Created for Ludovic Lardies at 2015-07-12 16:39:34 +0200 


%% Saved with string encoding Unicode (UTF-8) 



@manual{learn-ror,
	Author = {Daniel Kehoe},
	Date-Added = {2015-07-12 14:38:28 +0000},
	Date-Modified = {2015-07-12 14:39:30 +0000},
	Publisher = {2014},
	Title = {Learn Ruby on Rails}}

@book{nosql,
	Author = {Rudi Bruchez },
	Date-Added = {2015-07-12 12:36:46 +0000},
	Date-Modified = {2015-07-12 12:51:19 +0000},
	Editor = {Eyrolles},
	Publisher = {Eyrolles},
	Rating = {0},
	Read = {0},
	Title = {Les bases de donn{\'e}es NoSQL : Comprendre et mettre en oeuvre},
	Year = {2013}}
